@comment{jabref-meta: databaseType:bibtex;}

@inproceedings{inproceedings,
author = {Chen, Yongle and Hui, Li and Li, Kejiao and Zhang, Jiyang},
year = {2017},
month = {12},
pages = {2652-2657},
title = {An improved P2P file system scheme based on IPFS and Blockchain},
doi = {10.1109/BigData.2017.8258226}
}